<record><leader>00000cas a2200000 a 4500</leader><controlfield tag="001">630165736</controlfield><controlfield tag="008">100524duuuu2002ilucr ne      0   a0eng c</controlfield><datafield ind1=" " ind2=" " tag="010"><subfield code="a">  2010271344</subfield></datafield><datafield ind1=" " ind2=" " tag="040"><subfield code="a">NVF</subfield><subfield code="b">eng</subfield><subfield code="c">NVF</subfield><subfield code="d">NVF</subfield><subfield code="d">OCLCQ</subfield><subfield code="d">NVF</subfield><subfield code="d">OCLCF</subfield><subfield code="d">OCLCO</subfield><subfield code="d">NVF</subfield></datafield><datafield ind1=" " ind2=" " tag="042"><subfield code="a">pcc</subfield></datafield><datafield ind1=" " ind2=" " tag="043"><subfield code="a">n-us-il</subfield></datafield><datafield ind1="0" ind2=" " tag="130"><subfield code="a">Press (Elmhurst, Ill. : Bensenville, Wood Dale, Itasca ed.)</subfield></datafield><datafield ind1="1" ind2="4" tag="245"><subfield code="a">The press.</subfield></datafield><datafield ind1="1" ind2=" " tag="246"><subfield code="i">Issues called:</subfield><subfield code="a">Bensenville press</subfield><subfield code="f">June 27, 2001-Jan. 6, 2002</subfield></datafield><datafield ind1=" " ind2=" " tag="250"><subfield code="a">Bensenville, Wood Dale, Itasca ed.</subfield></datafield><datafield ind1=" " ind2=" " tag="260"><subfield code="a">Elmhurst, Ill. :</subfield><subfield code="b">Press Publications</subfield></datafield><datafield ind1=" " ind2=" " tag="300"><subfield code="a">v.</subfield></datafield><datafield ind1=" " ind2=" " tag="310"><subfield code="a">Semiweekly</subfield></datafield><datafield ind1="0" ind2=" " tag="362"><subfield code="a">-v. 113, no. 2 (Jan. 4-6, 2002).</subfield></datafield><datafield ind1=" " ind2=" " tag="500"><subfield code="a">No longer covers Itasca as of May 17, 2000.</subfield></datafield><datafield ind1=" " ind2=" " tag="588"><subfield code="a">Description based on: Vol. 111, issue 1 (Jan. 5, 2000).</subfield></datafield><datafield ind1=" " ind2="0" tag="651"><subfield code="a">Wood Dale (Ill.)</subfield><subfield code="v">Newspapers.</subfield></datafield><datafield ind1=" " ind2="0" tag="651"><subfield code="a">Itasca (Ill.)</subfield><subfield code="v">Newspapers.</subfield></datafield><datafield ind1=" " ind2="0" tag="651"><subfield code="a">Bensenville (Ill.)</subfield><subfield code="v">Newspapers.</subfield></datafield><datafield ind1=" " ind2="7" tag="651"><subfield code="a">Illinois</subfield><subfield code="z">Bensenville.</subfield><subfield code="2">fast</subfield><subfield code="0">(OCoLC)fst01227028</subfield></datafield><datafield ind1=" " ind2="7" tag="651"><subfield code="a">Illinois</subfield><subfield code="z">Itasca.</subfield><subfield code="2">fast</subfield><subfield code="0">(OCoLC)fst01226539</subfield></datafield><datafield ind1=" " ind2="7" tag="651"><subfield code="a">Illinois</subfield><subfield code="z">Wood Dale.</subfield><subfield code="2">fast</subfield><subfield code="0">(OCoLC)fst01226863</subfield></datafield><datafield ind1=" " ind2="7" tag="655"><subfield code="a">Newspapers.</subfield><subfield code="2">fast</subfield><subfield code="0">(OCoLC)fst01423814</subfield></datafield><datafield ind1=" " ind2=" " tag="752"><subfield code="a">United States</subfield><subfield code="b">Illinois</subfield><subfield code="c">DuPage County</subfield><subfield code="d">Elmhurst.</subfield></datafield></record>